@article{polychord,
	doi = {10.1093/mnras/stv1911},
	url = {https://doi.org/10.1093%2F%2Fstv1911},
 	year = 2015,
	month = {sep},
	publisher = {Oxford University Press ({OUP})},
	volume = {453},
	number = {4},
	pages = {4385--4399},
	author = {W. J. Handley and M. P. Hobson and A. N. Lasenby},
	title = {polychord: next-generation nested sampling},
	journal = {Monthly Notices of the Royal Astronomical Society}
}


@article{dynamic_ns, title={Dynamic nested sampling: an improved algorithm for parameter estimation and evidence calculation}, volume={29}, url={http://arxiv.org/abs/1704.03459}, DOI={10.1007/s11222-018-9844-0}, note={arXiv:1704.03459 [astro-ph, physics:physics, stat]}, number={5}, journal={Statistics and Computing}, author={Higson, Edward and Handley, Will and Hobson, Mike and Lasenby, Anthony}, year={2019}, pages={891–913} }


@article{plateaus,
	doi = {10.1093/mnras/stab590},
	url = {https://doi.org/10.1093%2Fmnras%2Fstab590},
	year = 2021,
	month = {mar},
	publisher = {Oxford University Press ({OUP})},
	volume = {503},
	number = {1},
	pages = {1199--1205},
	author = {Andrew Fowlie and Will Handley and Liangliang Su},
	title = {Nested sampling with plateaus},
	journal = {Monthly Notices of the Royal Astronomical Society}
}

@misc{betancourt,
      title={A Conceptual Introduction to Hamiltonian Monte Carlo}, 
      author={Michael Betancourt},
      year={2018},
      eprint={1701.02434},
      archivePrefix={arXiv},
      primaryClass={stat.ME}
}

@misc{rfi,
      title={A Bayesian approach to RFI mitigation}, 
      author={S. A. K. Leeney and W. J. Handley and E. de Lera Acedo},
      year={2022},
      eprint={2211.15448},
      archivePrefix={arXiv},
      primaryClass={astro-ph.IM}
}

@article{multinest,
	doi = {10.1111/j.1365-2966.2009.14548.x},
	url = {https://doi.org/10.1111%2Fj.1365-2966.2009.14548.x},
	year = 2009,
	month = {oct},
	publisher = {Oxford University Press ({OUP})},
	volume = {398},
	number = {4},
	pages = {1601--1614},
	author = {F. Feroz and M. P. Hobson and M. Bridges},
	title = {{MultiNest}: an efficient and robust Bayesian inference tool for cosmology and particle physics},
	journal = {Monthly Notices of the Royal Astronomical Society}
}

@article{anesthetic, doi = {10.21105/joss.01414}, url = {https://doi.org/10.21105/joss.01414}, year = {2019}, publisher = {The Open Journal}, volume = {4}, number = {37}, pages = {1414}, author = {Will Handley}, title = {anesthetic: nested sampling visualisation}, journal = {Journal of Open Source Software} }


@article{physical_scientists,
	doi = {10.1038/s43586-022-00121-x},
	url = {https://doi.org/10.1038%2Fs43586-022-00121-x},
	year = 2022,
	month = {may},
	publisher = {Springer Science and Business Media {LLC}},
	volume = {2},
	number = {1},
	author = {Greg Ashton and Noam Bernstein and Johannes Buchner and Xi Chen and G{\'{a}}bor Cs{\'{a}}nyi and Andrew Fowlie and Farhan Feroz and Matthew Griffiths and Will Handley and Michael Habeck and Edward Higson and Michael Hobson and Anthony Lasenby and David Parkinson and Livia B. P{\'{a}}rtay and Matthew Pitkin and Doris Schneider and Joshua S. Speagle and Leah South and John Veitch and Philipp Wacker and David J. Wales and David Yallup},
	title = {Nested sampling for physical scientists},
	journal = {Nature Reviews Methods Primers}
}


@book{mackay,
	author = {MacKay, David J. C.},
	title = {Information Theory, Inference \& Learning Algorithms},
	year = {2002},
	isbn = {0521642981},
	publisher = {Cambridge University Press},
	address = {USA}
}


@book{sivia, title={Data Analysis: A bayesian tutorial (Oxford Science Publications)}, publisher={Oxford University Press}, author={Sivia, D. S. and Skilling, J.}, year={2006}} 


@article{skilling, title={Nested sampling for General Bayesian Computation}, volume={1}, DOI={10.1214/06-ba127}, number={4}, journal={Bayesian Analysis}, author={Skilling, John}, year={2006}} 

@article{Handley_2019,
	doi = {10.1103/physrevd.100.023512},
	url = {https://doi.org/10.1103%2Fphysrevd.100.023512},
	year = 2019,
	month = {jul},
	publisher = {American Physical Society ({APS})},
	volume = {100},
	number = {2},
	author = {Will Handley and Pablo Lemos},
	title = {Quantifying dimensionality: Bayesian cosmological model complexities},
	journal = {Physical Review D}
}

@article{sparse_reconstruction,
	doi = {10.1093/mnras/sty3307},
	url = {https://doi.org/10.1093%2Fmnras%2Fsty3307},
	year = 2018,
	month = {dec},
	publisher = {Oxford University Press ({OUP})},
	author = {Edward Higson and Will Handley and Michael Hobson and Anthony Lasenby},
	title = {Bayesian sparse reconstruction: a brute-force approach to astronomical imaging and machine learning},
	journal = {Monthly Notices of the Royal Astronomical Society}
}

@misc{statmech,
      title={Efficient sampling of atomic configurational spaces}, 
      author={Livia B. Pártay and Albert P. Bartók and Gábor Csányi},
      year={2010},
      eprint={0906.3544},
      archivePrefix={arXiv},
      primaryClass={cond-mat.stat-mech}
}

@article{Akrami_2010,
	doi = {10.1007/jhep04(2010)057},
	url = {https://doi.org/10.1007%2Fjhep04%282010%29057},
	year = 2010,
	month = {apr},
	publisher = {Springer Science and Business Media {LLC}},
	volume = {2010},
	number = {4},
	author = {Yashar Akrami and Pat Scott and Joakim Edsjö and Jan Conrad and Lars Bergström},
	title = {A profile likelihood analysis of the constrained {MSSM} with genetic algorithms},
	journal = {Journal of High Energy Physics}
}

@article{Feroz_2011,
	doi = {10.1007/jhep06(2011)042},
	url = {https://doi.org/10.1007%2Fjhep06%282011%29042},
	year = 2011,
	month = {jun},
	publisher = {Springer Science and Business Media {LLC}},
	volume = {2011},
	number = {6},
	author = {Farhan Feroz and Kyle Cranmer and Mike Hobson and Roberto Ruiz de Austri and Roberto Trotta},
	title = {Challenges of profile likelihood evaluation in multi-dimensional {SUSY} scans},
	journal = {Journal of High Energy Physics}
}

@article{supernest,
AUTHOR = {Petrosyan, Aleksandr and Handley, Will},
TITLE = {SuperNest: Accelerated Nested Sampling Applied to Astrophysics and Cosmology},
JOURNAL = {Physical Sciences Forum},
VOLUME = {5},
YEAR = {2022},
NUMBER = {1},
ARTICLE-NUMBER = {51},
URL = {https://www.mdpi.com/2673-9984/5/1/51},
ISSN = {2673-9984},
DOI = {10.3390/psf2022005051}
}

@article{curvature_tension,
	doi = {10.1103/physrevd.103.l041301},
	url = {https://doi.org/10.1103%2Fphysrevd.103.l041301},
	year = 2021,
	month = {feb},
	publisher = {American Physical Society ({APS})},
	volume = {103},
	number = {4},
	author = {Will Handley},
	title = {Curvature tension: Evidence for a closed universe},
	journal = {Physical Review D}
}

@misc{ultranest,
      title={UltraNest -- a robust, general purpose Bayesian inference engine}, 
      author={Johannes Buchner},
      year={2021},
      eprint={2101.09604},
      archivePrefix={arXiv},
      primaryClass={stat.CO}
}

@article{dynesty,
	doi = {10.1093/mnras/staa278},
	url = {https://doi.org/10.1093%2Fmnras%2Fstaa278},
	year = 2020,
	month = {feb},
	publisher = {Oxford University Press ({OUP})},
	volume = {493},
	number = {3},
	pages = {3132--3158},
	author = {Joshua S Speagle},
	title = {dynesty: a dynamic nested sampling package for estimating Bayesian posteriors and evidences},
	journal = {Monthly Notices of the Royal Astronomical Society}
}

@article{demons,
    author = {Habeck, Michael},
    title = "{Nested sampling with demons}",
    journal = {AIP Conference Proceedings},
    volume = {1641},
    number = {1},
    pages = {121-129},
    year = {2015},
    month = {01},
    issn = {0094-243X},
    doi = {10.1063/1.4905971},
    url = {https://doi.org/10.1063/1.4905971},
    eprint = {https://pubs.aip.org/aip/acp/article-pdf/1641/1/121/12134520/121\_1\_online.pdf},
}

@article{path_sampling,
author = {Andrew Gelman and Xiao-Li Meng},
title = {{Simulating normalizing constants: from importance sampling to bridge sampling to path sampling}},
volume = {13},
journal = {Statistical Science},
number = {2},
publisher = {Institute of Mathematical Statistics},
pages = {163 -- 185},
keywords = {Acceptance ratio method, Hellinger distance, Jeffreys prior density, Markov chain Monte Carlo, numerical integration, Rao distance, thermodynamic integration},
year = {1998},
doi = {10.1214/ss/1028905934},
URL = {https://doi.org/10.1214/ss/1028905934}
}


@unpublished{kcl_talk,
title= {Nested sampling: powering next-generation inference and machine learning tools for cosmology, particle physics and beyond},
author = {Will Handley},
year = {2023},
month={08},
note= {King's College London},
URL= {https://github.com/williamjameshandley/talks/raw/kcl_2023/will_handley_kcl_2023.pdf},
}

@unpublished{scaling_frontier,
title= {The scaling frontier of nested sampling},
author = {Will Handley},
year = {2023},
month={11}
}


@article{Chopin_2010,
	doi = {10.1093/biomet/asq021},
	url = {https://doi.org/10.1093%2Fbiomet%2Fasq021},
	year = 2010,
	month = {jun},
	publisher = {Oxford University Press ({OUP})},
	volume = {97},
	number = {3},
	pages = {741--755},
	author = {N. Chopin and C. P. Robert},
	title = {Properties of nested sampling},
	journal = {Biometrika}
}


@article{Keeton_2011,
	doi = {10.1111/j.1365-2966.2011.18474.x},
	url = {https://doi.org/10.1111%2Fj.1365-2966.2011.18474.x},
	year = 2011,
	month = {apr},
	publisher = {Oxford University Press ({OUP})},
	volume = {414},
	number = {2},
	pages = {1418--1426},
	author = {Charles R. Keeton},
	title = {On statistical uncertainty in nested sampling},
	journal = {Monthly Notices of the Royal Astronomical Society}
}

@article{evans,
author = {Evans, Michael},
year = {2006},
month = {07},
pages = {},
title = {Discussion of nested sampling for Bayesian computations by John Skilling},
volume = {8},
journal = {World Meeting on Bayesian Statistics Benidorm}
}

@article{simulated_annealing,
author = {S. Kirkpatrick  and C. D. Gelatt  and M. P. Vecchi },
title = {Optimization by Simulated Annealing},
journal = {Science},
volume = {220},
number = {4598},
pages = {671-680},
year = {1983},
doi = {10.1126/science.220.4598.671}
}


@article{parallel_tempering,
  title = {Replica Monte Carlo Simulation of Spin-Glasses},
  author = {Swendsen, Robert H. and Wang, Jian-Sheng},
  journal = {Phys. Rev. Lett.},
  volume = {57},
  issue = {21},
  pages = {2607--2609},
  numpages = {0},
  year = {1986},
  month = {Nov},
  publisher = {American Physical Society},
  doi = {10.1103/PhysRevLett.57.2607},
  url = {https://link.aps.org/doi/10.1103/PhysRevLett.57.2607}
}

@article{wang_landau,
  title = {Efficient, Multiple-Range Random Walk Algorithm to Calculate the Density of States},
  author = {Wang, Fugao and Landau, D. P.},
  journal = {Phys. Rev. Lett.},
  volume = {86},
  issue = {10},
  pages = {2050--2053},
  numpages = {0},
  year = {2001},
  month = {Mar},
  publisher = {American Physical Society},
  doi = {10.1103/PhysRevLett.86.2050},
  url = {https://link.aps.org/doi/10.1103/PhysRevLett.86.2050}
}


@article{baldock,
  title = {Determining pressure-temperature phase diagrams of materials},
  author = {Baldock, Robert J. N. and P\'artay, L\'{\i}via B. and Bart\'ok, Albert P. and Payne, Michael C. and Cs\'anyi, G\'abor},
  journal = {Phys. Rev. B},
  volume = {93},
  issue = {17},
  pages = {174108},
  numpages = {9},
  year = {2016},
  month = {May},
  publisher = {American Physical Society},
  doi = {10.1103/PhysRevB.93.174108},
  url = {https://link.aps.org/doi/10.1103/PhysRevB.93.174108}
}

@article{Buchner_2023,
	doi = {10.1214/23-ss144},
	url = {https://doi.org/10.1214%2F23-ss144},
	year = 2023,
	month = {jan},
	publisher = {Institute of Mathematical Statistics},
	volume = {17},
	number = {none},
	author = {Johannes Buchner},
	title = {Nested sampling methods},
	journal = {Statistics Surveys}
}

@article{Baldock_2017,
	doi = {10.1103/physreve.96.043311},
	url = {https://doi.org/10.1103%2Fphysreve.96.043311},
	year = 2017,
	month = {oct},
	publisher = {American Physical Society ({APS})},
	volume = {96},
	number = {4},
	author = {Robert J. N. Baldock and Noam Bernstein and K. Michael Salerno and L{\'{\i}
}via B. P{\'{a}}rtay and G{\'{a}}bor Cs{\'{a}}nyi},
	title = {Constant-pressure nested sampling with atomistic dynamics},
	journal = {Physical Review E}
}


@article{Trotta_2008,
	doi = {10.1088/1126-6708/2008/12/024},
	url = {https://doi.org/10.1088%2F1126-6708%2F2008%2F12%2F024},
	year = 2008,
	month = {dec},
	publisher = {Springer Science and Business Media {LLC}
},
	volume = {2008},
	number = {12},
	pages = {024--024},
	author = {Roberto Trotta and Farhan Feroz and Mike Hobson and Leszek Roszkowski and Roberto Ruiz de Austri},
	title = {The impact of priors and observables on parameter inferences in the constrained {MSSM}},
	journal = {Journal of High Energy Physics}
}

   
@article{materials, 
    title={Nested sampling for materials}, 
    volume={94}, 
    DOI={10.1140/epjb/s10051-021-00172-1}, 
    number={8}, journal={The European Physical Journal B},
    publisher={Springer Science and Business Media LLC},
    author={Livia B. Pártay. and Gábor Csányi and Bernstein, Noam}, 
    year={2021}, 
    month={Aug} 
}

@ARTICLE{nessai,
       author = {{Williams}, Michael J. and {Veitch}, John and {Messenger}, Chris},
        title = "{Nested sampling with normalizing flows for gravitational-wave inference}",
      journal = {Physical Review D},
     keywords = {General Relativity and Quantum Cosmology, Astrophysics - High Energy Astrophysical Phenomena, Astrophysics - Instrumentation and Methods for Astrophysics},
         year = 2021,
        month = may,
       volume = {103},
       number = {10},
          eid = {103006},
        pages = {103006},
          doi = {10.1103/PhysRevD.103.103006},
archivePrefix = {arXiv},
       eprint = {2102.11056},
 primaryClass = {gr-qc},
       adsurl = {https://ui.adsabs.harvard.edu/abs/2021PhRvD.103j3006W},
      adsnote = {Provided by the SAO/NASA Astrophysics Data System}
}


@ARTICLE{dnest,
       author = {{Brewer}, Brendon J. and {Foreman-Mackey}, Daniel},
        title = "{DNest4: Diffusive Nested Sampling in C++ and Python}",
      journal = {arXiv e-prints},
     keywords = {Statistics - Computation, Astrophysics - Instrumentation and Methods for Astrophysics, Physics - Data Analysis, Statistics and Probability},
         year = 2016,
        month = jun,
          eid = {arXiv:1606.03757},
        pages = {arXiv:1606.03757},
          doi = {10.48550/arXiv.1606.03757},
archivePrefix = {arXiv},
       eprint = {1606.03757},
 primaryClass = {stat.CO},
       adsurl = {https://ui.adsabs.harvard.edu/abs/2016arXiv160603757B},
      adsnote = {Provided by the SAO/NASA Astrophysics Data System}
}

@ARTICLE{proxnest,
       author = {{McEwen}, Jason D. and {Liaudat}, Tob{\'\i}as I. and {Price}, Matthew A. and {Cai}, Xiaohao and {Pereyra}, Marcelo},
        title = "{Proximal nested sampling with data-driven priors for physical scientists}",
      journal = {arXiv e-prints},
     keywords = {Statistics - Methodology, Astrophysics - Instrumentation and Methods for Astrophysics, Statistics - Machine Learning},
         year = 2023,
        month = jun,
          eid = {arXiv:2307.00056},
        pages = {arXiv:2307.00056},
          doi = {10.48550/arXiv.2307.00056},
archivePrefix = {arXiv},
       eprint = {2307.00056},
 primaryClass = {stat.ME},
       adsurl = {https://ui.adsabs.harvard.edu/abs/2023arXiv230700056M},
      adsnote = {Provided by the SAO/NASA Astrophysics Data System}
}
@ARTICLE{2017PhRvE..96d3311B,
       author = {{Baldock}, Robert J.~N. and {Bernstein}, Noam and {Salerno}, K. Michael and {P{\'a}rtay}, L{\'\i}via B. and {Cs{\'a}nyi}, G{\'a}bor},
        title = "{Constant-pressure nested sampling with atomistic dynamics}",
      journal = {Physical Review E},
     keywords = {Condensed Matter - Statistical Mechanics},
         year = 2017,
        month = oct,
       volume = {96},
       number = {4},
          eid = {043311},
        pages = {043311},
          doi = {10.1103/PhysRevE.96.043311},
archivePrefix = {arXiv},
       eprint = {1710.11085},
 primaryClass = {cond-mat.stat-mech},
       adsurl = {https://ui.adsabs.harvard.edu/abs/2017PhRvE..96d3311B},
      adsnote = {Provided by the SAO/NASA Astrophysics Data System}
}


